@article{berridge2004motivation,
  title={Motivation concepts in behavioral neuroscience},
  author={Berridge, Kent C},
  journal={Physiology \& behavior},
  volume={81},
  number={2},
  pages={179--209},
  year={2004},
  publisher={Elsevier}
}
@book{simpson2016behavioral,
  title={Behavioral neuroscience of motivation},
  author={Simpson, Eleanor H and Balsam, Peter D},
  year={2016},
  publisher={Springer}
}
@article{mcclure2003computational,
  title={A computational substrate for incentive salience},
  author={McClure, Samuel M and Daw, Nathaniel D and Montague, P Read},
  journal={Trends in neurosciences},
  volume={26},
  number={8},
  pages={423--428},
  year={2003},
  publisher={Elsevier}
}
@article{berridge1998role,
  title={What is the role of dopamine in reward: hedonic impact, reward learning, or incentive salience?},
  author={Berridge, Kent C and Robinson, Terry E},
  journal={Brain research reviews},
  volume={28},
  number={3},
  pages={309--369},
  year={1998},
  publisher={Elsevier}
}
@book{bengio2017deep,
  title={Deep learning},
  author={Bengio, Yoshua and Goodfellow, Ian and Courville, Aaron},
  volume={1},
  year={2017},
  publisher={MIT press Massachusetts, USA:}
}
@article{li2017hyperband,
  title={Hyperband: A novel bandit-based approach to hyperparameter optimization},
  author={Li, Lisha and Jamieson, Kevin and DeSalvo, Giulia and Rostamizadeh, Afshin and Talwalkar, Ameet},
  journal={The Journal of Machine Learning Research},
  volume={18},
  number={1},
  pages={6765--6816},
  year={2017},
  publisher={JMLR. org}
}
@misc{omalley2019kerastuner,
	title        = {Keras {Tuner}},
	author       = {O'Malley, Tom and Bursztein, Elie and Long, James and Chollet, Fran\c{c}ois and Jin, Haifeng and Invernizzi, Luca and others},
	year         = 2019,
	howpublished = {\url{https://github.com/keras-team/keras-tuner}}
}
@article{kingma2014adam,
  title={Adam: A method for stochastic optimization},
  author={Kingma, Diederik P and Ba, Jimmy},
  journal={arXiv preprint arXiv:1412.6980},
  year={2014}
}
@article{zou2005regularization,
  title={Regularization and variable selection via the elastic net},
  author={Zou, Hui and Hastie, Trevor},
  journal={Journal of the royal statistical society: series B (statistical methodology)},
  volume={67},
  number={2},
  pages={301--320},
  year={2005},
  publisher={Wiley Online Library}
}
@article{hornik1989multilayer,
  title={Multilayer feedforward networks are universal approximators.},
  author={Hornik, Kurt and Stinchcombe, Maxwell and White, Halbert and others},
  journal={Neural networks},
  volume={2},
  number={5},
  pages={359--366},
  year={1989}
}
@article{sutton1988learning,
  title={Learning to predict by the methods of temporal differences},
  author={Sutton, Richard S},
  journal={Machine learning},
  volume={3},
  number={1},
  pages={9--44},
  year={1988},
  publisher={Springer}
}
@article{berridge2009dissecting,
  title={Dissecting components of reward:‘liking’,‘wanting’, and learning},
  author={Berridge, Kent C and Robinson, Terry E and Aldridge, J Wayne},
  journal={Current opinion in pharmacology},
  volume={9},
  number={1},
  pages={65--73},
  year={2009},
  publisher={Elsevier}
}
@incollection{robinson2015roles,
  title={Roles of “wanting” and “liking” in motivating behavior: gambling, food, and drug addictions},
  author={Robinson, Mike James F and Fischer, AM and Ahuja, A and Lesser, EN and Maniates, H},
  booktitle={Behavioral neuroscience of motivation},
  pages={105--136},
  year={2015},
  publisher={Springer}
}
@incollection{meyer2015motivational,
  title={Motivational processes underlying substance abuse disorder},
  author={Meyer, Paul J and King, Christopher P and Ferrario, Carrie R},
  booktitle={Behavioral Neuroscience of Motivation},
  pages={473--506},
  year={2015},
  publisher={Springer}
}

@incollection{corbit2015learning,
  title={Learning and motivational processes contributing to Pavlovian--instrumental transfer and their neural bases: dopamine and beyond},
  author={Corbit, Laura H and Balleine, Bernard W},
  booktitle={Behavioral neuroscience of motivation},
  pages={259--289},
  year={2015},
  publisher={Springer}
}
@article{schultz1997neural,
  title={A neural substrate of prediction and reward},
  author={Schultz, Wolfram and Dayan, Peter and Montague, P Read},
  journal={Science},
  volume={275},
  number={5306},
  pages={1593--1599},
  year={1997},
  publisher={American Association for the Advancement of Science}
}
@article{everitt2001neuropsychological,
  title={The neuropsychological basis of addictive behaviour},
  author={Everitt, Barry J and Dickinson, Anthony and Robbins, Trevor W},
  journal={Brain Research Reviews},
  volume={36},
  number={2-3},
  pages={129--138},
  year={2001},
  publisher={Elsevier}
}
@article{schultz2000multiple,
  title={Multiple reward signals in the brain},
  author={Schultz, Wolfram},
  journal={Nature reviews neuroscience},
  volume={1},
  number={3},
  pages={199--207},
  year={2000},
  publisher={Nature Publishing Group}
}
@article{flagel2011selective,
  title={A selective role for dopamine in stimulus--reward learning},
  author={Flagel, Shelly B and Clark, Jeremy J and Robinson, Terry E and Mayo, Leah and Czuj, Alayna and Willuhn, Ingo and Akers, Christina A and Clinton, Sarah M and Phillips, Paul EM and Akil, Huda},
  journal={Nature},
  volume={469},
  number={7328},
  pages={53--57},
  year={2011},
  publisher={Nature Publishing Group}
}
@article{zhang2009neural,
  title={A neural computational model of incentive salience},
  author={Zhang, Jun and Berridge, Kent C and Tindell, Amy J and Smith, Kyle S and Aldridge, J Wayne},
  journal={PLoS Comput Biol},
  volume={5},
  number={7},
  pages={e1000437},
  year={2009},
  publisher={Public Library of Science}
}
@inproceedings{wang2011game,
  title={Game reward systems: Gaming experiences and social meanings.},
  author={Wang, Hao and Sun, Chuen-Tsai},
  booktitle={DiGRA Conference},
  pages={1--15},
  year={2011}
}
@inproceedings{phillips2013videogame,
  title={Videogame reward types},
  author={Phillips, Cody and Johnson, Daniel and Wyeth, Peta},
  booktitle={Proceedings of the First International Conference on Gameful Design, Research, and Applications},
  pages={103--106},
  year={2013},
  organization={ACM}
}
@article{avserivskis2017computational,
  title={Computational Evaluation of Effects of Motivation Reinforcement on Player Retention},
  author={A{\v{s}}eri{\v{s}}kis, Darius and Dama{\v{s}}evi{\v{c}}ius, Robertas},
  journal={Journal of Universal Computer Science},
  volume={23},
  number={5},
  pages={432--453},
  year={2017}
}


@article{schultz2000reward,
  title={Reward processing in primate orbitofrontal cortex and basal ganglia},
  author={Schultz, Wolfram and Tremblay, L{\'e}on and Hollerman, Jeffrey R},
  journal={Cerebral cortex},
  volume={10},
  number={3},
  pages={272--283},
  year={2000},
  publisher={Oxford University Press}
}
@article{berridge2008affective,
  title={Affective neuroscience of pleasure: reward in humans and animals},
  author={Berridge, Kent C and Kringelbach, Morten L},
  journal={Psychopharmacology},
  volume={199},
  number={3},
  pages={457--480},
  year={2008},
  publisher={Springer}
}
@article{sescousse2013processing,
  title={Processing of primary and secondary rewards: a quantitative meta-analysis and review of human functional neuroimaging studies},
  author={Sescousse, Guillaume and Cald{\'u}, Xavier and Segura, B{\`a}rbara and Dreher, Jean-Claude},
  journal={Neuroscience \& Biobehavioral Reviews},
  volume={37},
  number={4},
  pages={681--696},
  year={2013},
  publisher={Elsevier}
}
@article{toates1994comparing,
  title={Comparing motivational systems—An incentive motivation perspective.},
  author={Toates, Frederick},
  year={1994},
  publisher={Oxford University Press}
}
@article{bindra1978adaptive,
  title={How adaptive behavior is produced: A perceptual-motivational alternative to response-reinforcement},
  author={Bindra, Dalbir},
  journal={Behavioral and brain sciences},
  volume={1},
  number={1},
  pages={41--91},
  year={1978}
}
@article{ikemoto1999role,
  title={The role of nucleus accumbens dopamine in motivated behavior: a unifying interpretation with special reference to reward-seeking},
  author={Ikemoto, Satoshi and Panksepp, Jaak},
  journal={Brain Research Reviews},
  volume={31},
  number={1},
  pages={6--41},
  year={1999},
  publisher={Elsevier}
}
@article{salamone2002motivational,
  title={Motivational views of reinforcement: implications for understanding the behavioral functions of nucleus accumbens dopamine},
  author={Salamone, John D and Correa, Merc{\`e}},
  journal={Behavioural brain research},
  volume={137},
  number={1-2},
  pages={3--25},
  year={2002},
  publisher={Elsevier}
}
@article{bolles1972reinforcement,
  title={Reinforcement, expectancy, and learning.},
  author={Bolles, Robert C},
  journal={Psychological review},
  volume={79},
  number={5},
  pages={394},
  year={1972},
  publisher={American Psychological Association}
}
@book{armony2013cambridge,
  title={The Cambridge handbook of human affective neuroscience},
  author={Armony, Jorge and Vuilleumier, Patrik},
  year={2013},
  publisher={Cambridge university press}
}
@article{smith2011disentangling,
  title={Disentangling pleasure from incentive salience and learning signals in brain reward circuitry},
  author={Smith, Kyle S and Berridge, Kent C and Aldridge, J Wayne},
  journal={Proceedings of the National Academy of Sciences},
  volume={108},
  number={27},
  pages={E255--E264},
  year={2011},
  publisher={National Acad Sciences}
}
@article{robinson1993neural,
  title={The neural basis of drug craving: an incentive-sensitization theory of addiction},
  author={Robinson, Terry E and Berridge, Kent C},
  journal={Brain research reviews},
  volume={18},
  number={3},
  pages={247--291},
  year={1993},
  publisher={Elsevier}
}
@article{ikemoto1996dissociations,
  title={Dissociations between appetitive and consummatory responses by pharmacological manipulations of reward-relevant brain regions.},
  author={Ikemoto, Satoshi and Panksepp, Jaak},
  journal={Behavioral neuroscience},
  volume={110},
  number={2},
  pages={331},
  year={1996},
  publisher={American Psychological Association}
}
@article{tindell2009dynamic,
  title={Dynamic computation of incentive salience:“wanting” what was never “liked”},
  author={Tindell, Amy J and Smith, Kyle S and Berridge, Kent C and Aldridge, J Wayne},
  journal={Journal of Neuroscience},
  volume={29},
  number={39},
  pages={12220--12228},
  year={2009},
  publisher={Soc Neuroscience}
}
@book{sutton2018reinforcement,
  title={Reinforcement learning: An introduction},
  author={Sutton, Richard S and Barto, Andrew G},
  year={2018},
  publisher={MIT press}
}
@article{o2003temporal,
  title={Temporal difference models and reward-related learning in the human brain},
  author={O'Doherty, John P and Dayan, Peter and Friston, Karl and Critchley, Hugo and Dolan, Raymond J},
  journal={Neuron},
  volume={38},
  number={2},
  pages={329--337},
  year={2003},
  publisher={Elsevier}
}
@article{berridge2012prediction,
  title={From prediction error to incentive salience: mesolimbic computation of reward motivation},
  author={Berridge, Kent C},
  journal={European Journal of Neuroscience},
  volume={35},
  number={7},
  pages={1124--1143},
  year={2012},
  publisher={Wiley Online Library}
}
@article{thorndike1927law,
  title={The law of effect},
  author={Thorndike, Edward L},
  journal={The American journal of psychology},
  volume={39},
  number={1/4},
  pages={212--222},
  year={1927},
  publisher={JSTOR}
}
@book{skinner1965science,
  title={Science and human behavior},
  author={Skinner, Burrhus Frederic},
  number={92904},
  year={1965},
  publisher={Simon and Schuster}
}
@article{rumelhart1986learning,
  title={Learning representations by back-propagating errors},
  author={Rumelhart, David E and Hinton, Geoffrey E and Williams, Ronald J},
  journal={nature},
  volume={323},
  number={6088},
  pages={533--536},
  year={1986},
  publisher={Nature Publishing Group}
}
@article{lillicrap2020backpropagation,
  title={Backpropagation and the brain},
  author={Lillicrap, Timothy P and Santoro, Adam and Marris, Luke and Akerman, Colin J and Hinton, Geoffrey},
  journal={Nature Reviews Neuroscience},
  pages={1--12},
  year={2020},
  publisher={Nature Publishing Group}
}
@online{hyperwebs,
    author = "Kevin Jamieson",
    title = "Hyperband: A Novel Bandit-Based Approach to Hyperparameter Optimization",
    url  = "https://homes.cs.washington.edu/~jamieson/hyperband.html",
    addendum = "(accessed: 01.01.2021)",
}
@article{schultz2017reward,
  title={Reward prediction error},
  author={Schultz, Wolfram},
  journal={Current Biology},
  volume={27},
  number={10},
  pages={R369--R371},
  year={2017},
  publisher={Elsevier}
}
@article{barto2004reinforcement,
  title={Reinforcement learning and its relationship to supervised learning},
  author={Barto, Andrew G and Dietterich, Thomas G},
  journal={Handbook of learning and approximate dynamic programming},
  volume={10},
  pages={9780470544785},
  year={2004},
  publisher={New York: Wiley-IEEE Press}
}
@techreport{widrow1960adaptive,
  title={Adaptive switching circuits},
  author={Widrow, Bernard and Hoff, Marcian E},
  year={1960},
  institution={Stanford Univ Ca Stanford Electronics Labs}
}
@article{lorenz2015video,
  title={Video game training and the reward system},
  author={Lorenz, Robert C and Gleich, Tobias and Gallinat, J{\"u}rgen and K{\"u}hn, Simone},
  journal={Frontiers in human neuroscience},
  volume={9},
  pages={40},
  year={2015},
  publisher={Frontiers}
}
@article{king2010video,
  title={Video game structural characteristics: A new psychological taxonomy},
  author={King, Daniel and Delfabbro, Paul and Griffiths, Mark},
  journal={International journal of mental health and addiction},
  volume={8},
  number={1},
  pages={90--106},
  year={2010},
  publisher={Springer}
}
@article{koepp1998evidence,
  title={Evidence for striatal dopamine release during a video game},
  author={Koepp, Matthias J and Gunn, Roger N and Lawrence, Andrew D and Cunningham, Vincent J and Dagher, Alain and Jones, Tasmin and Brooks, David J and Bench, Christopher J and Grasby, PM},
  journal={Nature},
  volume={393},
  number={6682},
  pages={266--268},
  year={1998},
  publisher={Nature Publishing Group}
}
@article{gleich2017functional,
  title={Functional changes in the reward circuit in response to gaming-related cues after training with a commercial video game},
  author={Gleich, Tobias and Lorenz, Robert C and Gallinat, J{\"u}rgen and K{\"u}hn, Simone},
  journal={Neuroimage},
  volume={152},
  pages={467--475},
  year={2017},
  publisher={Elsevier}
}
@article{drummond2018video,
  title={Video game loot boxes are psychologically akin to gambling},
  author={Drummond, Aaron and Sauer, James D},
  journal={Nature Human Behaviour},
  volume={2},
  number={8},
  pages={530--532},
  year={2018},
  publisher={Nature Publishing Group}
}
@article{hoeft2008gender,
  title={Gender differences in the mesocorticolimbic system during computer game-play},
  author={Hoeft, Fumiko and Watson, Christa L and Kesler, Shelli R and Bettinger, Keith E and Reiss, Allan L},
  journal={Journal of psychiatric research},
  volume={42},
  number={4},
  pages={253--258},
  year={2008},
  publisher={Elsevier}
}
@article{mathiak2011reward,
  title={Reward system and temporal pole contributions to affective evaluation during a first person shooter video game},
  author={Mathiak, Krystyna A and Klasen, Martin and Weber, Ren{\'e} and Ackermann, Hermann and Shergill, Sukhwinder S and Mathiak, Klaus},
  journal={BMC neuroscience},
  volume={12},
  number={1},
  pages={1--11},
  year={2011},
  publisher={BioMed Central}
}
@book{el2016game,
  title={Game analytics},
  author={El-Nasr, Magy Seif and Drachen, Anders and Canossa, Alessandro},
  year={2016},
  publisher={Springer}
}
@incollection{drachen2015behavioral,
  title={Behavioral telemetry in games user research},
  author={Drachen, Anders},
  booktitle={Game User Experience Evaluation},
  pages={135--165},
  year={2015},
  publisher={Springer}
}
@article{lillicrap2019backpropagation,
  title={Backpropagation through time and the brain},
  author={Lillicrap, Timothy P and Santoro, Adam},
  journal={Current opinion in neurobiology},
  volume={55},
  pages={82--89},
  year={2019},
  publisher={Elsevier}
}
@article{klasen2012neural,
  title={Neural contributions to flow experience during video game playing},
  author={Klasen, Martin and Weber, Ren{\'e} and Kircher, Tilo TJ and Mathiak, Krystyna A and Mathiak, Klaus},
  journal={Social cognitive and affective neuroscience},
  volume={7},
  number={4},
  pages={485--495},
  year={2012},
  publisher={Oxford University Press}
}
@article{boyle2012engagement,
  title={Engagement in digital entertainment games: A systematic review},
  author={Boyle, Elizabeth A and Connolly, Thomas M and Hainey, Thomas and Boyle, James M},
  journal={Computers in human behavior},
  volume={28},
  number={3},
  pages={771--780},
  year={2012},
  publisher={Elsevier}
}
@article{katsyri2013just,
  title={Just watching the game ain't enough: striatal fMRI reward responses to successes and failures in a video game during active and vicarious playing},
  author={K{\"a}tsyri, Jari and Hari, Riitta and Ravaja, Niklas and Nummenmaa, Lauri},
  journal={Frontiers in human neuroscience},
  volume={7},
  pages={278},
  year={2013},
  publisher={Frontiers}
}
@article{cole2012interactivity,
  title={Interactivity and reward-related neural activation during a serious videogame},
  author={Cole, Steven W and Yoo, Daniel J and Knutson, Brian},
  journal={PLoS one},
  volume={7},
  number={3},
  pages={e33909},
  year={2012},
  publisher={Public Library of Science}
}
@article{chumbley2006affect,
  title={Affect and the computer game player: the effect of gender, personality, and game reinforcement structure on affective responses to computer game-play},
  author={Chumbley, Justin and Griffiths, Mark},
  journal={CyberPsychology \& Behavior},
  volume={9},
  number={3},
  pages={308--316},
  year={2006},
  publisher={Mary Ann Liebert, Inc. 2 Madison Avenue Larchmont, NY 10538 USA}
}
@article{king2010role,
  title={The role of structural characteristics in problem video game playing: A review},
  author={King, DL and Delfabbro, PH and Griffiths, MD},
  journal={Cyberpsychology: Journal of Psychosocial Research on Cyberspace},
  volume={4},
  number={1},
  year={2010},
  publisher={Masaryk University, Faculty of Social Studies}
}
@article{zendle2018video,
  title={Video game loot boxes are linked to problem gambling: Results of a large-scale survey},
  author={Zendle, David and Cairns, Paul},
  journal={PloS one},
  volume={13},
  number={11},
  pages={e0206767},
  year={2018},
  publisher={Public Library of Science San Francisco, CA USA}
}
@misc{EUdataregulations2018,
    title = {2018 reform of EU data protection rules},
    howpublished  = {\url{https://ec.europa.eu/commission/sites/beta-political/files/data-protection-factsheet-changes_en.pdf}},
    author = {European Commission},
    date = {2018-05-25},
    urldate = {2019-06-17}
}
@misc{chollet2015keras,
  title={Keras},
  author={Chollet, Fran\c{c}ois and others},
  year={2015},
  howpublished={\url{https://keras.io}},
} 
@misc{opensyllabus,
  title={Open Syllabus},
  author={David McClure},
  urldate = {2022-11-19},
  howpublished={\url{https://galaxy.opensyllabus.org/}},
} 
@misc{tensorflow2015-whitepaper,
title={{TensorFlow}: Large-Scale Machine Learning on Heterogeneous Systems},
url={http://tensorflow.org/},
note={Software available from tensorflow.org},
author={
    Mart\'{\i}n~Abadi and
    Ashish~Agarwal and
    Paul~Barham and
    Eugene~Brevdo and
    Zhifeng~Chen and
    Craig~Citro and
    Greg~S.~Corrado and
    Andy~Davis and
    Jeffrey~Dean and
    Matthieu~Devin and
    Sanjay~Ghemawat and
    Ian~Goodfellow and
    Andrew~Harp and
    Geoffrey~Irving and
    Michael~Isard and
    Yangqing Jia and
    Rafal~Jozefowicz and
    Lukasz~Kaiser and
    Manjunath~Kudlur and
    Josh~Levenberg and
    Dan~Man\'{e} and
    Rajat~Monga and
    Sherry~Moore and
    Derek~Murray and
    Chris~Olah and
    Mike~Schuster and
    Jonathon~Shlens and
    Benoit~Steiner and
    Ilya~Sutskever and
    Kunal~Talwar and
    Paul~Tucker and
    Vincent~Vanhoucke and
    Vijay~Vasudevan and
    Fernanda~Vi\'{e}gas and
    Oriol~Vinyals and
    Pete~Warden and
    Martin~Wattenberg and
    Martin~Wicke and
    Yuan~Yu and
    Xiaoqiang~Zheng},
  year={2015},
}
@article{hochreiter1997long,
  title={Long short-term memory},
  author={Hochreiter, Sepp and Schmidhuber, J{\"u}rgen},
  journal={Neural computation},
  volume={9},
  number={8},
  pages={1735--1780},
  year={1997},
  publisher={MIT Press}
}
@inproceedings{zhu2017deep,
  title={Deep and confident prediction for time series at uber},
  author={Zhu, Lingxue and Laptev, Nikolay},
  booktitle={2017 IEEE International Conference on Data Mining Workshops (ICDMW)},
  pages={103--110},
  year={2017},
  organization={IEEE}
}
@software{reback2020pandas,
    author       = {The pandas development team},
    title        = {pandas-dev/pandas: Pandas},
    month        = feb,
    year         = 2020,
    publisher    = {Zenodo},
    version      = {latest},
    doi          = {10.5281/zenodo.3509134},
    url          = {https://doi.org/10.5281/zenodo.3509134}
}
@article{scikit-learn,
 title={Scikit-learn: Machine Learning in {P}ython},
 author={Pedregosa, F. and Varoquaux, G. and Gramfort, A. and Michel, V.
         and Thirion, B. and Grisel, O. and Blondel, M. and Prettenhofer, P.
         and Weiss, R. and Dubourg, V. and Vanderplas, J. and Passos, A. and
         Cournapeau, D. and Brucher, M. and Perrot, M. and Duchesnay, E.},
 journal={Journal of Machine Learning Research},
 volume={12},
 pages={2825--2830},
 year={2011}
}
@article{mcinnes2018umap-software,
  title={UMAP: Uniform Manifold Approximation and Projection},
  author={McInnes, Leland and Healy, John and Saul, Nathaniel and Grossberger, Lukas},
  journal={The Journal of Open Source Software},
  volume={3},
  number={29},
  pages={861},
  year={2018}
}
@inproceedings{sculley2010web,
  title={Web-scale k-means clustering},
  author={Sculley, David},
  booktitle={Proceedings of the 19th international conference on World wide web},
  pages={1177--1178},
  year={2010}
}
@Article{         harris2020array,
 title         = {Array programming with {NumPy}},
 author        = {Charles R. Harris and K. Jarrod Millman and St{'{e}}fan J.
                 van der Walt and Ralf Gommers and Pauli Virtanen and David
                 Cournapeau and Eric Wieser and Julian Taylor and Sebastian
                 Berg and Nathaniel J. Smith and Robert Kern and Matti Picus
                 and Stephan Hoyer and Marten H. van Kerkwijk and Matthew
                 Brett and Allan Haldane and Jaime Fern{'{a}}ndez del
                 R{'{\i}}o and Mark Wiebe and Pearu Peterson and Pierre
                 G{'{e}}rard-Marchant and Kevin Sheppard and Tyler Reddy and
                 Warren Weckesser and Hameer Abbasi and Christoph Gohlke and
                 Travis E. Oliphant},
 year          = {2020},
 month         = sep,
 journal       = {Nature},
 volume        = {585},
 number        = {7825},
 pages         = {357--362},
 doi           = {10.1038/s41586-020-2649-2},
 publisher     = {Springer Science and Business Media {LLC}},
 url           = {https://doi.org/10.1038/s41586-020-2649-2}
}
@article{albanese2013minerva,
  title={Minerva and minepy: a C engine for the MINE suite and its R, Python and MATLAB wrappers},
  author={Albanese, Davide and Filosi, Michele and Visintainer, Roberto and Riccadonna, Samantha and Jurman, Giuseppe and Furlanello, Cesare},
  journal={Bioinformatics},
  volume={29},
  number={3},
  pages={407--408},
  year={2013},
  publisher={Oxford University Press}
}
@misc{serven2018,
  author       = {Daniel Servén and
                  Charlie Brummitt},
  title        = {pyGAM: Generalized Additive Models in Python},
  month        = mar,
  year         = 2018,
  doi          = {10.5281/zenodo.1208723},
  url          = {https://doi.org/10.5281/zenodo.1208723}
}
@article{reshef2011detecting,
  title={Detecting novel associations in large data sets},
  author={Reshef, David N and Reshef, Yakir A and Finucane, Hilary K and Grossman, Sharon R and McVean, Gilean and Turnbaugh, Peter J and Lander, Eric S and Mitzenmacher, Michael and Sabeti, Pardis C},
  journal={science},
  volume={334},
  number={6062},
  pages={1518--1524},
  year={2011},
  publisher={American Association for the Advancement of Science}
}
@inproceedings{seabold2010statsmodels,
  title={statsmodels: Econometric and statistical modeling with python},
  author={Seabold, Skipper and Perktold, Josef},
  booktitle={9th Python in Science Conference},
  year={2010},
}
@article{vallat2018pingouin,
  title={Pingouin: statistics in Python},
  author={Vallat, Raphael},
  journal={Journal of Open Source Software},
  volume={3},
  number={31},
  pages={1026},
  year={2018}
}
@article{2018arXivUMAP,
     author = {{McInnes}, L. and {Healy}, J. and {Melville}, J.},
     title = "{UMAP: Uniform Manifold Approximation
     and Projection for Dimension Reduction}",
     journal = {ArXiv e-prints},
     archivePrefix = "arXiv",
     eprint = {1802.03426},
     primaryClass = "stat.ML",
     keywords = {Statistics - Machine Learning,
                 Computer Science - Computational Geometry,
                 Computer Science - Learning},
     year = 2018,
     month = feb,
}
@article{hedges1981distribution,
  title={Distribution theory for Glass's estimator of effect size and related estimators},
  author={Hedges, Larry V},
  journal={journal of Educational Statistics},
  volume={6},
  number={2},
  pages={107--128},
  year={1981},
  publisher={Sage Publications Sage CA: Thousand Oaks, CA}
}
@article{palminteri2015contextual,
  title={Contextual modulation of value signals in reward and punishment learning},
  author={Palminteri, Stefano and Khamassi, Mehdi and Joffily, Mateus and Coricelli, Giorgio},
  journal={Nature communications},
  volume={6},
  number={1},
  pages={1--14},
  year={2015},
  publisher={Nature Publishing Group}
}
@inproceedings{satopaa2011finding,
  title={Finding a" dle" in a haystack: Detecting knee points in system behavior},
  author={Satopaa, Ville and Albrecht, Jeannie and Irwin, David and Raghavan, Barath},
  booktitle={2011 31st international conference on distributed computing systems workshops},
  pages={166--171},
  year={2011},
  organization={IEEE}
}
@article{wang2018prefrontal,
  title={Prefrontal cortex as a meta-reinforcement learning system},
  author={Wang, Jane X and Kurth-Nelson, Zeb and Kumaran, Dharshan and Tirumala, Dhruva and Soyer, Hubert and Leibo, Joel Z and Hassabis, Demis and Botvinick, Matthew},
  journal={Nature neuroscience},
  volume={21},
  number={6},
  pages={860--868},
  year={2018},
  publisher={Nature Publishing Group}
}
@article{song2017reward,
  title={Reward-based training of recurrent neural networks for cognitive and value-based tasks},
  author={Song, H Francis and Yang, Guangyu R and Wang, Xiao-Jing},
  journal={Elife},
  volume={6},
  pages={e21492},
  year={2017},
  publisher={eLife Sciences Publications Limited}
}
@article{eyjolfsdottir2016learning,
  title={Learning recurrent representations for hierarchical behavior modeling},
  author={Eyjolfsdottir, Eyrun and Branson, Kristin and Yue, Yisong and Perona, Pietro},
  journal={arXiv preprint arXiv:1611.00094},
  year={2016}
}
@article{calhoun2019unsupervised,
  title={Unsupervised identification of the internal states that shape natural behavior},
  author={Calhoun, Adam J and Pillow, Jonathan W and Murthy, Mala},
  journal={Nature neuroscience},
  volume={22},
  number={12},
  pages={2040--2049},
  year={2019},
  publisher={Nature Publishing Group}
}
@article{kietzmann2018deep,
  title={Deep neural networks in computational neuroscience},
  author={Kietzmann, Tim C and McClure, Patrick and Kriegeskorte, Nikolaus},
  journal={BioRxiv},
  pages={133504},
  year={2018},
  publisher={Cold Spring Harbor Laboratory}
}
@article{hunter2007matplotlib,
  title={Matplotlib: A 2D graphics environment},
  author={Hunter, John D},
  journal={IEEE Annals of the History of Computing},
  volume={9},
  number={03},
  pages={90--95},
  year={2007},
  publisher={IEEE Computer Society}
}
@article{waskom2021seaborn,
  title={Seaborn: statistical data visualization},
  author={Waskom, Michael L},
  journal={Journal of Open Source Software},
  volume={6},
  number={60},
  pages={3021},
  year={2021}
}
@article{schuster2007introduction,
  title={An introduction to hidden Markov models},
  author={Schuster-B{\"o}ckler, Benjamin and Bateman, Alex},
  journal={Current protocols in bioinformatics},
  volume={18},
  number={1},
  pages={A--3A},
  year={2007},
  publisher={Wiley Online Library}
}
@book{bishop2006pattern,
  title={Pattern recognition and machine learning},
  author={Bishop, Christopher M},
  year={2006},
  publisher={springer}
}
@article{merel2019deep,
  title={Deep neuroethology of a virtual rodent},
  author={Merel, Josh and Aldarondo, Diego and Marshall, Jesse and Tassa, Yuval and Wayne, Greg and {\"O}lveczky, Bence},
  journal={arXiv preprint arXiv:1911.09451},
  year={2019}
}
@article{spearman1961general,
  title={" General Intelligence" Objectively Determined and Measured.},
  author={Spearman, Charles},
  year={1961},
  publisher={Appleton-Century-Crofts}
}
@article{oh2004gpu,
  title={GPU implementation of neural networks},
  author={Oh, Kyoung-Su and Jung, Keechul},
  journal={Pattern Recognition},
  volume={37},
  number={6},
  pages={1311--1314},
  year={2004},
  publisher={Elsevier}
}
@misc{alignedumap,
  title = {AlignedUMAP},
  autohor = {McInnes, Leland and Healy, John and Saul, Nathaniel and Grossberger, Lukas},
  howpublished = {\url{https://umap-learn.readthedocs.io/en/latest/aligned_umap_basic_usage.html}},
  note = {Accessed: 2021-04-30}
}
@article{hashem2015rise,
  title={The rise of “big data” on cloud computing: Review and open research issues},
  author={Hashem, Ibrahim Abaker Targio and Yaqoob, Ibrar and Anuar, Nor Badrul and Mokhtar, Salimah and Gani, Abdullah and Khan, Samee Ullah},
  journal={Information systems},
  volume={47},
  pages={98--115},
  year={2015},
  publisher={Elsevier}
}
@article{touloupou2020scalable,
  title={Scalable Bayesian inference for coupled hidden Markov and semi-Markov models},
  author={Touloupou, Panayiota and Finkenst{\"a}dt, B{\"a}rbel and Spencer, Simon EF},
  journal={Journal of Computational and Graphical Statistics},
  volume={29},
  number={2},
  pages={238--249},
  year={2020},
  publisher={Taylor \& Francis}
}
@article{barak2017recurrent,
  title={Recurrent neural networks as versatile tools of neuroscience research},
  author={Barak, Omri},
  journal={Current opinion in neurobiology},
  volume={46},
  pages={1--6},
  year={2017},
  publisher={Elsevier}
}
@book{10.5555/1593511,
 author = {Van Rossum, Guido and Drake, Fred L.},
 title = {Python 3 Reference Manual},
 year = {2009},
 isbn = {1441412697},
 publisher = {CreateSpace},
 address = {Scotts Valley, CA}
}
@online{umapwebs,
    author = "Andy Coenen, Adam Pearce",
    title = "Understanding UMAP",
    url  = "https://pair-code.github.io/understanding-umap/",
    addendum = "(accessed: 18.06.2021)",
}
@inproceedings{bauckhage2012players,
  title={How players lose interest in playing a game: An empirical study based on distributions of total playing times},
  author={Bauckhage, Christian and Kersting, Kristian and Sifa, Rafet and Thurau, Christian and Drachen, Anders and Canossa, Alessandro},
  booktitle={2012 IEEE Conference on Computational Intelligence and Games (CIG)},
  pages={139--146},
  year={2012},
  organization={IEEE}
}
@article{steyvers2019joint,
  title={The joint contribution of participation and performance to learning functions: Exploring the effects of age in large-scale data sets},
  author={Steyvers, Mark and Benjamin, Aaron S},
  journal={Behavior research methods},
  volume={51},
  number={4},
  pages={1531--1543},
  year={2019},
  publisher={Springer}
}
@inproceedings{agarwal2017quitting,
  title={On quitting: performance and practice in online game play},
  author={Agarwal, Tushar and Burghardt, Keith and Lerman, Kristina},
  booktitle={Proceedings of the International AAAI Conference on Web and Social Media},
  volume={11},
  number={1},
  pages={452--455},
  year={2017}
}
@article{wang2018beyond,
  title={Beyond winning and losing: modeling human motivations and behaviors using inverse reinforcement learning},
  author={Wang, Baoxiang and Sun, Tongfang and Zheng, Xianjun Sam},
  journal={arXiv preprint arXiv:1807.00366},
  year={2018}
}
@book{hyndman2018forecasting,
  title={Forecasting: principles and practice},
  author={Hyndman, Rob J and Athanasopoulos, George},
  year={2018},
  publisher={OTexts}
}
@article{nevin2000behavioral,
  title={Behavioral momentum and the law of effect},
  author={Nevin, John A and Grace, Randolph C},
  journal={Behavioral and Brain Sciences},
  volume={23},
  number={1},
  pages={73--90},
  year={2000},
  publisher={Cambridge University Press}
}
@article{seung2000manifold,
  title={The manifold ways of perception},
  author={Seung, H Sebastian and Lee, Daniel D},
  journal={science},
  volume={290},
  number={5500},
  pages={2268--2269},
  year={2000},
  publisher={American Association for the Advancement of Science}
}
@article{gallego2017neural,
  title={Neural manifolds for the control of movement},
  author={Gallego, Juan A and Perich, Matthew G and Miller, Lee E and Solla, Sara A},
  journal={Neuron},
  volume={94},
  number={5},
  pages={978--984},
  year={2017},
  publisher={Elsevier}
}
@article{derdikman2011manifold,
  title={A manifold of spatial maps in the brain},
  author={Derdikman, Dori and Moser, Edvard I},
  journal={Space, Time and Number in the Brain},
  pages={41--57},
  year={2011},
  publisher={Elsevier}
}
@article{nieh2021geometry,
  title={Geometry of abstract learned knowledge in the hippocampus},
  author={Nieh, Edward H and Schottdorf, Manuel and Freeman, Nicolas W and Low, Ryan J and Lewallen, Sam and Koay, Sue Ann and Pinto, Lucas and Gauthier, Jeffrey L and Brody, Carlos D and Tank, David W},
  journal={Nature},
  volume={595},
  number={7865},
  pages={80--84},
  year={2021},
  publisher={Nature Publishing Group}
}
@article{pang2016dimensionality,
  title={Dimensionality reduction in neuroscience},
  author={Pang, Rich and Lansdell, Benjamin J and Fairhall, Adrienne L},
  journal={Current Biology},
  volume={26},
  number={14},
  pages={R656--R660},
  year={2016},
  publisher={Elsevier}
}
@article{luxem2020identifying,
  title={Identifying behavioral structure from deep variational embeddings of animal motion},
  author={Luxem, Kevin and Fuhrmann, Falko and K{\"u}rsch, Johannes and Remy, Stefan and Bauer, Pavol},
  journal={BioRxiv},
  year={2020},
  publisher={Cold Spring Harbor Laboratory}
}
@article{mccullough2021unsupervised,
  title={Unsupervised quantification of naturalistic animal behaviors for gaining insight into the brain},
  author={McCullough, Michael H and Goodhill, Geoffrey J},
  journal={Current opinion in neurobiology},
  volume={70},
  pages={89--100},
  year={2021},
  publisher={Elsevier}
}
@article{pereira2020quantifying,
  title={Quantifying behavior to understand the brain},
  author={Pereira, Talmo D and Shaevitz, Joshua W and Murthy, Mala},
  journal={Nature neuroscience},
  volume={23},
  number={12},
  pages={1537--1549},
  year={2020},
  publisher={Nature Publishing Group}
}
@article{shi2021learning,
  title={Learning Disentangled Behavior Embeddings},
  author={Shi, Changhao and Schwartz, Sivan and Levy, Shahar and Achvat, Shay and Abboud, Maisan and Ghanayim, Amir and Schiller, Jackie and Mishne, Gal},
  journal={Advances in Neural Information Processing Systems},
  volume={34},
  year={2021}
}
@article{bromberg2010coding,
  title={Coding of task reward value in the dorsal raphe nucleus},
  author={Bromberg-Martin, Ethan S and Hikosaka, Okihide and Nakamura, Kae},
  journal={Journal of Neuroscience},
  volume={30},
  number={18},
  pages={6262--6272},
  year={2010},
  publisher={Soc Neuroscience}
}
@article{gao2021nonlinear,
  title={Nonlinear manifold learning in functional magnetic resonance imaging uncovers a low-dimensional space of brain dynamics},
  author={Gao, Siyuan and Mishne, Gal and Scheinost, Dustin},
  journal={Human brain mapping},
  volume={42},
  number={14},
  pages={4510--4524},
  year={2021},
  publisher={Wiley Online Library}
}
@article{rue2021decoding,
  title={Decoding brain states on the intrinsic manifold of human brain dynamics across wakefulness and sleep},
  author={Ru{\'e}-Queralt, Joan and Stevner, Angus and Tagliazucchi, Enzo and Laufs, Helmut and Kringelbach, Morten L and Deco, Gustavo and Atasoy, Selen},
  journal={Communications Biology},
  volume={4},
  number={1},
  pages={1--11},
  year={2021},
  publisher={Nature Publishing Group}
}
@article{ganmor2015thesaurus,
  title={A thesaurus for a neural population code},
  author={Ganmor, Elad and Segev, Ronen and Schneidman, Elad},
  journal={Elife},
  volume={4},
  pages={e06134},
  year={2015},
  publisher={eLife Sciences Publications Limited}
}
@article{stopfer2003intensity,
  title={Intensity versus identity coding in an olfactory system},
  author={Stopfer, Mark and Jayaraman, Vivek and Laurent, Gilles},
  journal={Neuron},
  volume={39},
  number={6},
  pages={991--1004},
  year={2003},
  publisher={Elsevier}
}
@inproceedings{bonometti2019modelling,
  title={Modelling early user-game interactions for joint estimation of survival time and churn probability},
  author={Bonometti, Valerio and Ringer, Charles and Hall, Mark and Wade, Alex R and Drachen, Anders},
  booktitle={2019 IEEE Conference on Games (CoG)},
  pages={1--8},
  year={2019},
  organization={IEEE}
}
@article{bonometti2020theory,
  title={From theory to behaviour: Towards a general model of engagement},
  author={Bonometti, Valerio and Ringer, Charles and Ruiz, Mathieu and Wade, Alex and Drachen, Anders},
  journal={arXiv preprint arXiv:2004.12644},
  year={2020}
}
@article{bonometti2021approximating,
  title={Approximating Attributed Incentive Salience In Large Scale Scenarios. A Representation Learning Approach Based on Artificial Neural Networks},
  author={Bonometti, Valerio and Ruiz, Mathieu J and Drachen, Anders and Wade, Alex},
  journal={arXiv preprint arXiv:2108.01724},
  year={2021}
}

@inproceedings{smith2017cyclical,
  title={Cyclical learning rates for training neural networks},
  author={Smith, Leslie N},
  booktitle={2017 Winter Conference on Applications of Computer Vision},
  pages={464--472},
  year={2017},
  organization={IEEE}
}

@misc{chollet2015kerascontrib,
  title={KerasContrib},
  author={Chollet, Fran\c{c}ois and others},
  year={2015},
  publisher={GitHub},
  howpublished={\url{https://github.com/keras-team/keras-contrib/blob/master/keras_contrib/callbacks/cyclical_learning_rate.py}},
}

@inproceedings{gal2016dropout,
  title={Dropout as a bayesian approximation: Representing model uncertainty in deep learning},
  author={Gal, Yarin and Ghahramani, Zoubin},
  booktitle={international conference on machine learning},
  pages={1050--1059},
  year={2016}
}

@inproceedings{yannakakis2013player,
  title={Player modeling},
  author={Yannakakis, Georgios N and Spronck, Pieter and Loiacono, Daniele and Andr{\'e}, Elisabeth},
  booktitle={Dagstuhl Follow-Ups},
  volume={6},
  year={2013},
  organization={Schloss Dagstuhl-Leibniz-Zentrum fuer Informatik}
}

@article{o2008user,
  title={What is user engagement? A conceptual framework for defining user engagement with technology},
  author={O'Brien, Heather L and Toms, Elaine G},
  journal={Journal of the American society for Information Science and Technology},
  volume={59},
  number={6},
  pages={938--955},
  year={2008},
  publisher={Wiley Online Library}
}

@article{milovsevic2017early,
  title={Early churn prediction with personalized targeting in mobile social games},
  author={Milo{\v{s}}evi{\'c}, Milo{\v{s}} and {\v{Z}}ivi{\'c}, Nenad and Andjelkovi{\'c}, Igor},
  journal={Expert Systems with Applications},
  volume={83},
  pages={326--332},
  year={2017},
  publisher={Elsevier}
}

@inproceedings{drachen2016rapid,
  title={Rapid prediction of player retention in free-to-play mobile games},
  author={Drachen, Anders and Lundquist, Eric Thurston and Kung, Yungjen and Rao, Pranav and Sifa, Rafet and Runge, Julian and Klabjan, Diego},
  booktitle={Twelfth Artificial Intelligence and Interactive Digital Entertainment Conference},
  year={2016}
}

@article{viljanen2018playtime,
  title={Playtime measurement with survival analysis},
  author={Viljanen, Markus and Airola, Antti and Heikkonen, Jukka and Pahikkala, Tapio},
  journal={IEEE Transactions on Games},
  volume={10},
  number={2},
  pages={128--138},
  year={2018},
  publisher={IEEE}
}

@inproceedings{demediuk2018player,
  title={Player retention in league of legends: a study using survival analysis},
  author={Demediuk, Simon and Murrin, Alexandra and Bulger, David and Hitchens, Michael and Drachen, Anders and Raffe, William L and Tamassia, Marco},
  booktitle={Proceedings of the Australasian Computer Science Week Multiconference},
  pages={43},
  year={2018},
  organization={ACM}
}

@article{lee2018game,
  title={Game Data Mining Competition on Churn Prediction and Survival Analysis using Game Log Data},
  author={Lee, EunJo and Jang, Yoonjae and Yoon, Du-Mim and Jeon, JiHoon and Yang, Sung-il and Lee, SangKwang and Kim, Dae-Wook and Chen, Pei Pei and Guitart, Anna and Bertens, Paul and others},
  journal={IEEE Transactions on Games},
  year={2018},
  publisher={IEEE}
}

@inproceedings{mahlmann2010predicting,
  title={Predicting player behavior in tomb raider: Underworld},
  author={Mahlmann, Tobias and Drachen, Anders and Togelius, Julian and Canossa, Alessandro and Yannakakis, Georgios N},
  booktitle={Proceedings of the 2010 IEEE Conference on Computational Intelligence and Games},
  pages={178--185},
  year={2010},
  organization={IEEE}
}

@inproceedings{bertens2017games,
  title={Games and big data: A scalable multi-dimensional churn prediction model},
  author={Bertens, Paul and Guitart, Anna and Peri{\'a}{\~n}ez, {\'A}frica},
  booktitle={2017 IEEE Conference on Computational Intelligence and Games (CIG)},
  pages={33--36},
  year={2017},
  organization={IEEE}
}

@inproceedings{perianez2016churn,
  title={Churn prediction in mobile social games: Towards a complete assessment using survival ensembles},
  author={Peri{\'a}{\~n}ez, {\'A}frica and Saas, Alain and Guitart, Anna and Magne, Colin},
  booktitle={2016 IEEE International Conference on Data Science and Advanced Analytics (DSAA)},
  pages={564--573},
  year={2016},
  organization={IEEE}
}

@inproceedings{runge2014churn,
  title={Churn prediction for high-value players in casual social games},
  author={Runge, Julian and Gao, Peng and Garcin, Florent and Faltings, Boi},
  booktitle={2014 IEEE conference on Computational Intelligence and Games},
  pages={1--8},
  year={2014},
  organization={IEEE}
}

@article{kim2017churn,
  title={Churn prediction of mobile and online casual games using play log data},
  author={Kim, Seungwook and Choi, Daeyoung and Lee, Eunjung and Rhee, Wonjong},
  journal={PloS one},
  volume={12},
  number={7},
  pages={e0180735},
  year={2017},
  publisher={Public Library of Science}
}

@inproceedings{hadiji2014predicting,
  title={Predicting player churn in the wild},
  author={Hadiji, Fabian and Sifa, Rafet and Drachen, Anders and Thurau, Christian and Kersting, Kristian and Bauckhage, Christian},
  booktitle={2014 IEEE Conference on Computational Intelligence and Games},
  pages={1--8},
  year={2014},
  organization={IEEE}
}

@inproceedings{xie2015predicting,
  title={Predicting player disengagement and first purchase with event-frequency based data representation},
  author={Xie, Hanting and Devlin, Sam and Kudenko, Daniel and Cowling, Peter},
  booktitle={2015 IEEE Computational Intelligence and Games},
  pages={230--237},
  year={2015},
  organization={IEEE}
}

@inproceedings{petersen2017evaluating,
  title={Evaluating the Onboarding Phase of Free-to-Play Mobile Games: A Mixed-Method Approach},
  author={Petersen, Falko Weigert and Thomsen, Line Ebdrup and Mirza-Babaei, Pejman and Drachen, Anders},
  booktitle={Proceedings of the Annual Symposium on Computer-Human Interaction in Play},
  pages={377--388},
  year={2017},
  organization={ACM}
}

@book{skinner1953science,
  title={Science and human behavior},
  author={Skinner, Burrhus Frederic},
  number={92904},
  year={1953},
  publisher={Simon and Schuster}
}

@article{berridge2009dis,
  title={Dissecting components of reward: liking, wanting, and learning},
  author={Berridge, Kent C and Robinson, Terry E and Aldridge, J Wayne},
  journal={Current opinion in pharmacology},
  volume={9},
  number={1},
  pages={65--73},
  year={2009},
  publisher={Elsevier}
}

@article{sherry2004flow,
  title={Flow and media enjoyment},
  author={Sherry, John L},
  journal={Communication theory},
  volume={14},
  number={4},
  pages={328--347},
  year={2004},
  publisher={Oxford University Press}
}

@article{ryan2006motivational,
  title={The motivational pull of video games: A self-determination theory approach},
  author={Ryan, Richard M and Rigby, C Scott and Przybylski, Andrew},
  journal={Motivation and emotion},
  volume={30},
  number={4},
  pages={344--360},
  year={2006},
  publisher={Springer}
}

@article{jennett2008measuring,
  title={Measuring and defining the experience of immersion},
  author={Jennett, Charlene and Cox, Anna L and Cairns, Paul and Dhoparee, Samira and Epps, Andrew and Tijs, Tim and Walton, Alison},
  journal={International journal of human-computer studies},
  volume={66},
  number={9},
  pages={641--661},
  year={2008},
  publisher={Elsevier}
}

@article{lucas2004sex,
  title={Sex differences in video game play: A communication-based explanation},
  author={Lucas, Kristen and Sherry, John L},
  journal={Communication research},
  volume={31},
  number={5},
  pages={499--523},
  year={2004},
  publisher={Sage Publications Sage CA: Thousand Oaks, CA}
}

@book{gamesuserresearch2018,
  title={Games User Research},
  author={Drachen, Anders and Nacke, Lennart and Mirza Babaei, Pejman},
  year={2018},
  publisher={Oxford Uni. Press}
}

@book{Nasr2013GAM,
  title={Game analytics},
  author={ElNasr, Magy Seif and Drachen, Anders and Canossa, Alessandro},
  year={2013},
  publisher={Springer Science and Business Media}
}

@incollection{profilingchapter2018,
author = {Sifa and Drachen and Bauckhauge},
title = {Profiling in Games: Understanding Behavior from Telemetry},
editor= {Lakkaraju K. and Sukthankar, G. and Wigand, R. T.},
booktitle={Social Interactions in Virtual Worlds},
year={2018},
pages={337-374},
publisher={Cambridge University Press},
}

@inproceedings{Sifa2016-PRS,
  title={Predicting Retention in Sandbox Games with Tensor Factorization-based Representation Learning},
  author={ Sifa, R. and Srikanth, S. and Drachen, A. and Ojeda, C. and Bauckhage, C.},
  booktitle={Proc. of IEEE CIG},
  year={2016},
} 

@inproceedings{TammasiaPPC_2016,
  title={Predicting Player Churn in Destiny: A Hidden Markov Models Approach to Predicting Player Departure in a Major Online Game},
  author={ Tammasia, Marco and Raffe, William and Sifa, Rafet and Drachen, Anders and Zambetta, Fabio and Hitchens, Michael },
  booktitle={Proc. of IEEE CIG},
  year={2016},
} 

@inproceedings{mirza2013does,
  title={How does it play better?: exploring user testing and biometric storyboards in games user research},
  author={Mirza-Babaei, Pejman and Nacke, Lennart E and Gregory, John and Collins, Nick and Fitzpatrick, Geraldine},
  booktitle={Proceedings of the SIGCHI conference on human factors in computing systems},
  pages={1499--1508},
  year={2013},
  organization={ACM}
}

@inproceedings{liu2018semi,
  title={A Semi-Supervised and Inductive Embedding Model for Churn Prediction of Large-Scale Mobile Games},
  author={Liu, Xi and Xie, Muhe and Wen, Xidao and Chen, Rui and Ge, Yong and Duffield, Nick and Wang, Na},
  booktitle={2018 IEEE International Conference on Data Mining (ICDM)},
  pages={277--286},
  year={2018},
  organization={IEEE}
}

@article{cox1972regression,
  title={Regression models and life-tables},
  author={Cox, David R},
  journal={Journal of the Royal Statistical Society: Series B (Methodological)},
  volume={34},
  number={2},
  pages={187--202},
  year={1972},
  publisher={Wiley Online Library}
}

@article{srivastava2014dropout,
  title={Dropout: a simple way to prevent neural networks from overfitting},
  author={Srivastava, Nitish and Hinton, Geoffrey and Krizhevsky, Alex and Sutskever, Ilya and Salakhutdinov, Ruslan},
  journal={The Journal of Machine Learning Research},
  volume={15},
  number={1},
  pages={1929--1958},
  year={2014},
  publisher={JMLR. org}
}

@article{ioffe2015batch,
  title={Batch normalization: Accelerating deep network training by reducing internal covariate shift},
  author={Ioffe, Sergey and Szegedy, Christian},
  journal={arXiv preprint arXiv:1502.03167},
  year={2015}
}

@book{lecun2015deep,
  title={Deep learning},
  author={Goodfellow, Ian and Bengio, Yoshua and Courville, Aaron},
  year={2016},
  publisher={MIT press}
}

@misc{kerastuner,
  title={kerastu},
  author={Tom O’Malley and others},
  year={2020},
  howpublished={\url{https://keras-team.github.io/keras-tuner}},
}

@article{liu2019micro,
  title={Micro-and macro-level churn analysis of large-scale mobile games},
  author={Liu, Xi and Xie, Muhe and Wen, Xidao and Chen, Rui and Ge, Yong and Duffield, Nick and Wang, Na},
  journal={Knowledge and Information Systems},
  pages={1--32},
  year={2019},
  publisher={Springer}
}

@inproceedings{drachen2012guns,
  title={Guns, swords and data: Clustering of player behavior in computer games in the wild},
  author={Drachen, Anders and Sifa, Rafet and Bauckhage, Christian and Thurau, Christian},
  booktitle={2012 IEEE conference on Computational Intelligence and Games (CIG)},
  pages={163--170},
  year={2012},
  organization={IEEE}
}

@inproceedings{del2019profiling,
  title={Profiling Players with Engagement Predictions},
  author={del R{\'\i}o, Ana Fern{\'a}ndez and Chen, Pei Pei and Peri{\'a}nez, Africa},
  booktitle={2019 IEEE Conference on Games (CoG)},
  pages={1--4},
  year={2019},
  organization={IEEE}
}

@inproceedings{makarovych2018like,
  title={Like a DNA string: Sequence-based Player Profiling in Tom Clancy’s The Division},
  author={Makarovych, Sasha and Canossa, Alessandro and Togelius, Julian and Drachen, Anders},
  booktitle={Artificial Intelligence and Interactive Digital Entertainment Conference},
  year={2018},
  organization={York}
}

@article{reguera2020quantifying,
  title={Quantifying Human engagement into playful Activities},
  author={Reguera, David and Colomer-de-Sim{\'o}n, Pol and Encinas, Iv{\'a}n and Sort, Manel and Wedekind, Jan and Bogu{\~n}{\'a}, Mari{\'a}n},
  journal={Scientific Reports},
  volume={10},
  number={1},
  pages={1--7},
  year={2020},
  publisher={Nature Publishing Group}
}

@inproceedings{kristensen2019combining,
  title={Combining Sequential and Aggregated Data for Churn Prediction in Casual Freemium Games},
  author={Kristensen, Jeppe Theiss and Burelli, Paolo},
  booktitle={2019 IEEE Conference on Games (CoG)},
  pages={1--8},
  year={2019},
  organization={IEEE}
}

@article{del2020time,
  title={A Time Series Approach To Player Churn and Conversion in Videogames},
  author={del R{\'\i}o, Ana Fern{\'a}ndez and Guitart, Anna and Peri{\'a}{\~n}ez, {\'A}frica},
  journal={arXiv preprint arXiv:2003.10287},
  year={2020}
}

@inproceedings{drachen2009player,
  title={Player modeling using self-organization in Tomb Raider: Underworld},
  author={Drachen, Anders and Canossa, Alessandro and Yannakakis, Georgios N},
  booktitle={2009 IEEE symposium on computational intelligence and games},
  pages={1--8},
  year={2009},
  organization={IEEE}
}

@misc{chollet2015kerascontrib,
  title={KerasContrib},
  author={Chollet, Fran\c{c}ois and others},
  year={2015},
  publisher={GitHub},
  howpublished={\url{https://github.com/keras-team/keras-contrib/blob/master/keras_contrib/callbacks/cyclical_learning_rate.py}},
}

@inproceedings{mahlmann2010predicting,
  title={Predicting player behavior in tomb raider: Underworld},
  author={Mahlmann, Tobias and Drachen, Anders and Togelius, Julian and Canossa, Alessandro and Yannakakis, Georgios N},
  booktitle={Proceedings of the 2010 IEEE Conference on Computational Intelligence and Games},
  pages={178--185},
  year={2010},
  organization={IEEE}
}

@inproceedings{petersen2017evaluating,
  title={Evaluating the Onboarding Phase of Free-to-Play Mobile Games: A Mixed-Method Approach},
  author={Petersen, Falko Weigert and Thomsen, Line Ebdrup and Mirza-Babaei, Pejman and Drachen, Anders},
  booktitle={Proceedings of the Annual Symposium on Computer-Human Interaction in Play},
  pages={377--388},
  year={2017},
  organization={ACM}
}
@article{berridge2009dis,
  title={Dissecting components of reward: liking, wanting, and learning},
  author={Berridge, Kent C and Robinson, Terry E and Aldridge, J Wayne},
  journal={Current opinion in pharmacology},
  volume={9},
  number={1},
  pages={65--73},
  year={2009},
  publisher={Elsevier}
}

@article{sherry2004flow,
  title={Flow and media enjoyment},
  author={Sherry, John L},
  journal={Communication theory},
  volume={14},
  number={4},
  pages={328--347},
  year={2004},
  publisher={Oxford University Press}
}
@book{gamesuserresearch2018,
  title={Games User Research},
  author={Drachen, Anders and Nacke, Lennart and Mirza Babaei, Pejman},
  year={2018},
  publisher={Oxford Uni. Press}
}

@book{Nasr2013GAM,
  title={Game analytics},
  author={ElNasr, Magy Seif and Drachen, Anders and Canossa, Alessandro},
  year={2013},
  publisher={Springer Science and Business Media}
}

@incollection{profilingchapter2018,
author = {Sifa and Drachen and Bauckhauge},
title = {Profiling in Games: Understanding Behavior from Telemetry},
editor= {Lakkaraju K. and Sukthankar, G. and Wigand, R. T.},
booktitle={Social Interactions in Virtual Worlds},
year={2018},
pages={337-374},
publisher={Cambridge University Press},
}

@inproceedings{Sifa2016-PRS,
  title={Predicting Retention in Sandbox Games with Tensor Factorization-based Representation Learning},
  author={ Sifa, R. and Srikanth, S. and Drachen, A. and Ojeda, C. and Bauckhage, C.},
  booktitle={Proc. of IEEE CIG},
  year={2016},
} 

@inproceedings{TammasiaPPC_2016,
  title={Predicting Player Churn in Destiny: A Hidden Markov Models Approach to Predicting Player Departure in a Major Online Game},
  author={ Tammasia, Marco and Raffe, William and Sifa, Rafet and Drachen, Anders and Zambetta, Fabio and Hitchens, Michael },
  booktitle={Proc. of IEEE CIG},
  year={2016},
} 
@article{ryan2000self,
  title={Self-determination theory and the facilitation of intrinsic motivation, social development, and well-being.},
  author={Ryan, Richard M and Deci, Edward L},
  journal={American psychologist},
  volume={55},
  number={1},
  pages={68},
  year={2000},
  publisher={American Psychological Association}
}
@book{kling1971woodworth,
  title={Woodworth and Schlosberg's experimental psychology},
  author={Kling, Julius William},
  year={1971}
}
@book{squire2012fundamental,
  title={Fundamental neuroscience},
  author={Squire, Larry and Berg, Darwin and Bloom, Floyd E and Du Lac, Sascha and Ghosh, Anirvan and Spitzer, Nicholas C},
  year={2012},
  publisher={Academic press}
}
@article{connolly2012systematic,
  title={A systematic literature review of empirical evidence on computer games and serious games},
  author={Connolly, Thomas M and Boyle, Elizabeth A and MacArthur, Ewan and Hainey, Thomas and Boyle, James M},
  journal={Computers \& education},
  volume={59},
  number={2},
  pages={661--686},
  year={2012},
  publisher={Elsevier}
}
@incollection{csikszentmihalyi2014toward,
  title={Toward a psychology of optimal experience},
  author={Csikszentmihalyi, Mihaly},
  booktitle={Flow and the foundations of positive psychology},
  pages={209--226},
  year={2014},
  publisher={Springer}
}
@article{przybylski2010motivational,
  title={A motivational model of video game engagement},
  author={Przybylski, Andrew K and Rigby, C Scott and Ryan, Richard M},
  journal={Review of general psychology},
  volume={14},
  number={2},
  pages={154--166},
  year={2010},
  publisher={SAGE Publications Sage CA: Los Angeles, CA}
}
@article{westwood2010role,
  title={The role of structural characteristics in video-game play motivation: A Q-methodology study},
  author={Westwood, Dave and Griffiths, Mark D},
  journal={Cyberpsychology, Behavior, and Social Networking},
  volume={13},
  number={5},
  pages={581--585},
  year={2010},
  publisher={Mary Ann Liebert, Inc. 140 Huguenot Street, 3rd Floor New Rochelle, NY 10801 USA}
}
@article{cowley2016behavlets,
  title={Behavlets: a method for practical player modelling using psychology-based player traits and domain specific features},
  author={Cowley, Benjamin and Charles, Darryl},
  journal={User Modeling and User-Adapted Interaction},
  volume={26},
  number={2},
  pages={257--306},
  year={2016},
  publisher={Springer}
}
@article{bartle1996hearts,
  title={Hearts, clubs, diamonds, spades: Players who suit MUDs},
  author={Bartle, Richard},
  journal={Journal of MUD research},
  volume={1},
  number={1},
  pages={19},
  year={1996}
}
@article{yee2006motivations,
  title={Motivations for play in online games},
  author={Yee, Nick},
  journal={CyberPsychology \& behavior},
  volume={9},
  number={6},
  pages={772--775},
  year={2006},
  publisher={Mary Ann Liebert, Inc. 2 Madison Avenue Larchmont, NY 10538 USA}
}
@article{boyle1995myers,
  title={Myers-Briggs type indicator (MBTI): some psychometric limitations},
  author={Boyle, Gregory J},
  journal={Australian Psychologist},
  volume={30},
  number={1},
  pages={71--74},
  year={1995},
  publisher={Wiley Online Library}
}
@inproceedings{nacke2011brainhex,
  title={BrainHex: preliminary results from a neurobiological gamer typology survey},
  author={Nacke, Lennart E and Bateman, Chris and Mandryk, Regan L},
  booktitle={International conference on entertainment computing},
  pages={288--293},
  year={2011},
  organization={Springer}
}
@MISC{darksouls,
   author = "From Software",
   title = "Darksouls",
   howpublished = "Steam",
   year = 2009,
}
@MISC{candyc,
   author = "King",
   title = "Candy Crush",
   howpublished = "Android",
   year = 2012,
}
@article{carver1994behavioral,
  title={Behavioral inhibition, behavioral activation, and affective responses to impending reward and punishment: the BIS/BAS scales.},
  author={Carver, Charles S and White, Teri L},
  journal={Journal of personality and social psychology},
  volume={67},
  number={2},
  pages={319},
  year={1994},
  publisher={American Psychological Association}
}
@inproceedings{poeller2018let,
  title={Let me be implicit: Using motive disposition theory to predict and explain behaviour in digital games},
  author={Poeller, Susanne and Birk, Max V and Baumann, Nicola and Mandryk, Regan L},
  booktitle={Proceedings of the 2018 CHI Conference on Human Factors in Computing Systems},
  pages={1--15},
  year={2018}
}
@inproceedings{stankevicius2015factor,
  title={A factor-based exploration of player's continuation desire in free-to-play mobile games},
  author={Stankevicius, Deividas and Jady, Hawraa Amira and Drachen, Anders and Schoenau-Fog, Henrik},
  booktitle={Eleventh Artificial Intelligence and Interactive Digital Entertainment Conference},
  year={2015}
}
@inproceedings{schaekermann2017curiously,
  title={Curiously motivated: Profiling curiosity with self-reports and behaviour metrics in the game" destiny"},
  author={Schaekermann, Mike and Ribeiro, Giovanni and Wallner, Guenter and Kriglstein, Simone and Johnson, Daniel and Drachen, Anders and Sifa, Rafet and Nacke, Lennart E},
  booktitle={Proceedings of the Annual Symposium on Computer-Human Interaction in Play},
  pages={143--156},
  year={2017}
}
@inproceedings{canossa2013give,
  title={Give me a reason to dig Minecraft and psychology of motivation},
  author={Canossa, Alessandro and Martinez, Josep B and Togelius, Julian},
  booktitle={2013 IEEE Conference on Computational Inteligence in Games (CIG)},
  pages={1--8},
  year={2013},
  organization={IEEE}
}
@inproceedings{tondello2016gamification,
  title={The gamification user types hexad scale},
  author={Tondello, Gustavo F and Wehbe, Rina R and Diamond, Lisa and Busch, Marc and Marczewski, Andrzej and Nacke, Lennart E},
  booktitle={Proceedings of the 2016 annual symposium on computer-human interaction in play},
  pages={229--243},
  year={2016}
}
@inproceedings{van2009psychologically,
  title={Psychologically Verified Player Modelling.},
  author={Van Lankveld, Giel and Schreurs, Sonny and Spronck, Pieter},
  booktitle={GAMEON},
  pages={12--19},
  year={2009}
}
@book{cacioppo2007handbook,
  title={Handbook of psychophysiology},
  author={Cacioppo, John T and Tassinary, Louis G and Berntson, Gary},
  year={2007},
  publisher={Cambridge university press}
}
@article{liu2017toward,
  title={Toward Electroencephalographic Profiling of Player Motivation: A Survey},
  author={Liu, Xuejie and Merrick, Kathryn and Abbass, Hussein},
  journal={IEEE Transactions on Cognitive and Developmental Systems},
  volume={10},
  number={3},
  pages={499--513},
  year={2017},
  publisher={IEEE}
}
@article{simmons2016false,
  title={False-positive psychology: undisclosed flexibility in data collection and analysis allows presenting anything as significant.},
  author={Simmons, Joseph P and Nelson, Leif D and Simonsohn, Uri},
  year={2016},
  publisher={American Psychological Association}
}
@article{orben2019association,
  title={The association between adolescent well-being and digital technology use},
  author={Orben, Amy and Przybylski, Andrew K},
  journal={Nature human behaviour},
  volume={3},
  number={2},
  pages={173--182},
  year={2019},
  publisher={Nature Publishing Group}
}
@inproceedings{van2011games,
  title={Games as personality profiling tools},
  author={Van Lankveld, Giel and Spronck, Pieter and Van den Herik, Jaap and Arntz, Arnoud},
  booktitle={2011 IEEE Conference on Computational Intelligence and Games (CIG'11)},
  pages={197--202},
  year={2011},
  organization={IEEE}
}
@inproceedings{tychsen2008defining,
  title={Defining personas in games using metrics},
  author={Tychsen, Anders and Canossa, Alessandro},
  booktitle={Proceedings of the 2008 conference on future play: Research, play, share},
  pages={73--80},
  year={2008}
}
@inproceedings{yannakakis2007game,
  title={Game and player feature selection for entertainment capture},
  author={Yannakakis, Georgios N and Hallam, John},
  booktitle={2007 IEEE Symposium on Computational Intelligence and Games},
  pages={244--251},
  year={2007},
  organization={IEEE}
}
@book{el2021game,
  title={Game Data Science},
  author={El-Nasr, Magy Seif and Nguyen, Truong-Huy D and Canossa, Alessandro and Drachen, Anders},
  year={2021},
  publisher={Oxford University Press}
}
@book{costa2008revised,
  title={The Revised Neo Personality Inventory (neo-pi-r).},
  author={Costa Jr, Paul T and McCrae, Robert R},
  year={2008},
  publisher={Sage Publications, Inc}
}
@inproceedings{vihanga2019weekly,
  title={Weekly seasonal player population patterns in online games: A time series clustering approach},
  author={Vihanga, Dulakshi and Barlow, Michael and Lakshika, Erandi and Kasmarik, Kathryn},
  booktitle={2019 IEEE Conference on Games (CoG)},
  pages={1--8},
  year={2019},
  organization={IEEE}
}
@inproceedings{bialas2014cultural,
  title={Cultural influences on play style},
  author={Bialas, Mateusz and Tekofsky, Shoshannah and Spronck, Pieter},
  booktitle={2014 IEEE Conference on Computational Intelligence and Games},
  pages={1--7},
  year={2014},
  organization={IEEE}
}
@article{guitart2018winning,
  title={The winning solution to the IEEE CIG 2017 game data mining competition},
  author={Guitart, Anna and Chen, Pei Pei and Peri{\'a}{\~n}ez, {\'A}frica},
  journal={Machine Learning and Knowledge Extraction},
  volume={1},
  number={1},
  pages={252--264},
  year={2018},
  publisher={MDPI}
}
@article{castro2015churn,
  title={Churn prediction in online games using players’ login records: A frequency analysis approach},
  author={Castro, Emiliano G and Tsuzuki, Marcos SG},
  journal={IEEE Transactions on Computational Intelligence and AI in Games},
  volume={7},
  number={3},
  pages={255--265},
  year={2015},
  publisher={IEEE}
}
@inproceedings{tamassia2016predicting,
  title={Predicting player churn in destiny: A Hidden Markov models approach to predicting player departure in a major online game},
  author={Tamassia, Marco and Raffe, William and Sifa, Rafet and Drachen, Anders and Zambetta, Fabio and Hitchens, Michael},
  booktitle={2016 IEEE Conference on Computational Intelligence and Games (CIG)},
  pages={1--8},
  year={2016},
  organization={IEEE}
}
@inproceedings{rothenbuehler2015hidden,
  title={Hidden markov models for churn prediction},
  author={Rothenbuehler, Pierangelo and Runge, Julian and Garcin, Florent and Faltings, Boi},
  booktitle={2015 sai intelligent systems conference (intellisys)},
  pages={723--730},
  year={2015},
  organization={IEEE}
}
@inproceedings{roohi2020predicting,
  title={Predicting game difficulty and churn without players},
  author={Roohi, Shaghayegh and Relas, Asko and Takatalo, Jari and Heiskanen, Henri and H{\"a}m{\"a}l{\"a}inen, Perttu},
  booktitle={Proceedings of the Annual Symposium on Computer-Human Interaction in Play},
  pages={585--593},
  year={2020}
}
@article{guitart2019understanding,
  title={Understanding player engagement and in-game purchasing behavior with ensemble learning},
  author={Guitart, Anna and del R{\'\i}o, Ana Fern{\'a}ndez and Peri{\'a}{\~n}ez, {\'A}frica},
  journal={arXiv preprint arXiv:1907.03947},
  year={2019}
}
@article{drachen2014comparison,
  title={A comparison of methods for player clustering via behavioral telemetry},
  author={Drachen, Anders and Thurau, Christian and Sifa, Rafet and Bauckhage, Christian},
  journal={arXiv preprint arXiv:1407.3950},
  year={2014}
}
@article{bauckhage2014clustering,
  title={Clustering game behavior data},
  author={Bauckhage, Christian and Drachen, Anders and Sifa, Rafet},
  journal={IEEE Transactions on Computational Intelligence and AI in Games},
  volume={7},
  number={3},
  pages={266--278},
  year={2014},
  publisher={IEEE}
}
@inproceedings{aung2019trails,
  title={The trails of just cause 2: spatio-temporal player profiling in open-world games},
  author={Aung, Myat and Demediuk, Simon and Sun, Yuan and Tu, Ye and Ang, Yu and Nekkanti, Siva and Raghav, Shantanu and Klabjan, Diego and Sifa, Rafet and Drachen, Anders},
  booktitle={Proceedings of the 14th International Conference on the Foundations of Digital Games},
  pages={1--11},
  year={2019}
}
@book{murphy2022probabilistic,
  title={Probabilistic machine learning: an introduction},
  author={Murphy, Kevin P},
  year={2022},
  publisher={MIT press}
}
@incollection{hastie2017generalized,
  title={Generalized additive models},
  author={Hastie, Trevor J},
  booktitle={Statistical models in S},
  pages={249--307},
  year={2017},
  publisher={Routledge}
}
@article{agarwal2021neural,
  title={Neural additive models: Interpretable machine learning with neural nets},
  author={Agarwal, Rishabh and Melnick, Levi and Frosst, Nicholas and Zhang, Xuezhou and Lengerich, Ben and Caruana, Rich and Hinton, Geoffrey E},
  journal={Advances in Neural Information Processing Systems},
  volume={34},
  pages={4699--4711},
  year={2021}
}
@article{van2008visualizing,
  title={Visualizing data using t-SNE.},
  author={Van der Maaten, Laurens and Hinton, Geoffrey},
  journal={Journal of machine learning research},
  volume={9},
  number={11},
  year={2008}
}
@article{gelman2020bayesian,
  title={Bayesian workflow},
  author={Gelman, Andrew and Vehtari, Aki and Simpson, Daniel and Margossian, Charles C and Carpenter, Bob and Yao, Yuling and Kennedy, Lauren and Gabry, Jonah and B{\"u}rkner, Paul-Christian and Modr{\'a}k, Martin},
  journal={arXiv preprint arXiv:2011.01808},
  year={2020}
}
@inproceedings{wang2019deep,
  title={Deep factors for forecasting},
  author={Wang, Yuyang and Smola, Alex and Maddix, Danielle and Gasthaus, Jan and Foster, Dean and Januschowski, Tim},
  booktitle={International conference on machine learning},
  pages={6607--6617},
  year={2019},
  organization={PMLR}
}
@article{crawley2007mixed,
  title={Mixed-effects models},
  author={Crawley, Michael J},
  journal={The R book},
  pages={681--714},
  year={2007},
  publisher={John Wiley and Sons, Ltd Chichester, UK}
}
@misc{vehtarinu,
  author={Vehtari, Aki and Gelman, Andrew},
  title = {"recommendations for priors for student t’s degrees of freedom parameter"},
  howpublished = {\url{https://statmodeling.stat.columbia.edu/2015/05/17/do-we-have-any-recommendations-for-priors-for-student_ts-degrees-of-freedom-parameter}},
  note = {Accessed: 2022-10-09}
}
@article{salvatier2016probabilistic,
  title={Probabilistic programming in Python using PyMC3},
  author={Salvatier, John and Wiecki, Thomas V and Fonnesbeck, Christopher},
  journal={PeerJ Computer Science},
  volume={2},
  pages={e55},
  year={2016},
  publisher={PeerJ Inc.}
}
@article{kucukelbir2017automatic,
  title={Automatic differentiation variational inference},
  author={Kucukelbir, Alp and Tran, Dustin and Ranganath, Rajesh and Gelman, Andrew and Blei, David M},
  journal={Journal of machine learning research},
  year={2017}
}
@misc{patsy,
  title = {patsy - Describing statistical models in Python},
  howpublished = {\url{https://zenodo.org/record/1472929}},
  note = {Accessed: 2022-10-09}
}
@inproceedings{zhao2020multi,
  title={Multi-source data multi-task learning for profiling players in online games},
  author={Zhao, Shiwei and Wu, Runze and Tao, Jianrong and Qu, Manhu and Li, Hao and Fan, Changjie},
  booktitle={2020 IEEE Conference on Games (CoG)},
  pages={104--111},
  year={2020},
  organization={IEEE}
}
@article{meyes2019ablation,
  title={Ablation studies in artificial neural networks},
  author={Meyes, Richard and Lu, Melanie and de Puiseau, Constantin Waubert and Meisen, Tobias},
  journal={arXiv preprint arXiv:1901.08644},
  year={2019}
}

@article{pearson1901liii,
  title={LIII. On lines and planes of closest fit to systems of points in space},
  author={Pearson, Karl},
  journal={The London, Edinburgh, and Dublin philosophical magazine and journal of science},
  volume={2},
  number={11},
  pages={559--572},
  year={1901},
  publisher={Taylor \& Francis}
}
@inproceedings{aung2018predicting,
  title={Predicting skill learning in a large, longitudinal moba dataset},
  author={Aung, Myat and Bonometti, Valerio and Drachen, Anders and Cowling, Peter and Kokkinakis, Athanasios Vasileios and Yoder, Christian and Wade, A},
  booktitle={2018 IEEE conference on computational intelligence and games (CIG)},
  pages={1--7},
  year={2018},
  organization={IEEE}
}
@article{vardal2022mind,
  title={Mind the gap: Distributed practice enhances performance in a MOBA game},
  author={Vardal, Ozan and Bonometti, Valerio and Drachen, Anders and Wade, Alex and Stafford, Tom},
  journal={PloS one},
  volume={17},
  number={10},
  pages={e0275843},
  year={2022},
  publisher={Public Library of Science San Francisco, CA USA}
}
@book{gelman2020regression,
  title={Regression and other stories},
  author={Gelman, Andrew and Hill, Jennifer and Vehtari, Aki},
  year={2020},
  publisher={Cambridge University Press}
}
@article{vitaterna2001overview,
  title={Overview of circadian rhythms},
  author={Vitaterna, Martha Hotz and Takahashi, Joseph S and Turek, Fred W},
  journal={Alcohol research \& health},
  volume={25},
  number={2},
  pages={85},
  year={2001},
  publisher={National Institute on Alcohol Abuse and Alcoholism}
}
@article{zendle2022transnational,
  title={Transnational Patterns in Mobile Playtime: An analysis of 118 billion hours of human data},
  author={Zendle, David and Flick, Catherine and Halgarth, Darel and Ballou, Nicholas and Demediuk, Simon and Drachen, Anders},
  journal={OSF Preprints},
  year={2022}
}
@phdthesis{wannigamage2021player,
  title={Player Population Patterns in Digital Games: A Data Analytics and Machine Learning Approach},
  author={Wannigamage, Dulakshi},
  year={2021},
  school={UNSW Sydney}
}
@article{muller2007dynamic,
  title={Dynamic time warping},
  author={M{\"u}ller, Meinard},
  journal={Information retrieval for music and motion},
  pages={69--84},
  year={2007},
  publisher={Springer}
}
@book{gall1835functions,
  title={On the functions of the brain and of each of its parts: With observations on the possibility of determining the instincts, propensities, and talents, or the moral and intellectual dispositions of men and animals, by the configuration of the brain and head},
  author={Gall, Franz Joseph},
  volume={1},
  year={1835},
  publisher={Marsh, Capen \& Lyon}
}